@online{site:explication_NaI,
  author       = {Mirion},
  title        = {Lab Experiment 1: Gamma-Ray Detection with Scintillators},
  year         = 2023,
  howpublished = {website},
  url          = {https://www.mirion.com/discover/knowledge-hub/articles/education/gamma-ray-detection-with-scintillators-lab-experiment},
  urldate      = {2024-05-17}
}
@online{site:GPS_diff,
  author       = {GISGeography},
  title        = {Lab Experiment 1: Gamma-Ray Detection with Scintillators},
  year         = 2024,
  howpublished = {website},
  url          = {https://gisgeography.com/gps-accuracy-hdop-pdop-gdop-multipath/},
  urldate      = {2024-05-17}
}
@article{article:SiPM_vs_PMT,
  author  = {Park, Haewook and Yi, Minseok and Lee, Jae Sung},
  year    = {2022},
  month   = {07},
  pages   = {},
  title   = {Silicon photomultiplier signal readout and multiplexing techniques for positron emission tomography: a review},
  volume  = {12},
  journal = {Biomedical Engineering Letters},
  doi     = {10.1007/s13534-022-00234-y}
}
@inproceedings{perot2022development,
  title        = {Development of gamma spectroscopic tools for uranium ore samples and borehole exploration},
  author       = {P{\'e}rot, Bertrand and Marchais, Thomas and Allinei, Pierre-Guy and Toubon, Herv{\'e} and Bensedik, Youcef and Goupillou, Romain and Berland, Alexandre},
  booktitle    = {2022 IEEE Nuclear Science Symposium and Medical Imaging Conference (NSS/MIC)},
  pages        = {1--5},
  year         = {2022},
  organization = {IEEE},
  doi          = {https://doi.org/10.1109/NSS/MIC44845.2022.10398898}
}
@article{article:uranium-concentration,
  title     = {Integral molten salt reactor neutron physics study using Monte Carlo N-particle code},
  author    = {Carter, John P and Borrelli, RA},
  journal   = {Nuclear Engineering and Design},
  volume    = {365},
  pages     = {110718},
  year      = {2020},
  publisher = {Elsevier},
  doi       = {https://doi.org/10.1016/j.nucengdes.2020.110718}
}
@article{article:composition-yellow-cake,
  title     = {Characterizing and classifying uranium yellow cakes: a background},
  author    = {Hausen, Donald M},
  journal   = {JOM},
  volume    = {50},
  number    = {12},
  pages     = {45--47},
  year      = {1998},
  publisher = {Springer},
  doi       = {https://doi.org/10.1007/s11837-998-0307-5}
}
@online{site:orano_apres_mine,
  author       = {Orano},
  authortype   = {company},
  title        = {Après-mines {France} – {Orano Mining}},
  uknow_year   = {},
  howpublished = {website},
  url          = {https://www.orano.group/fr/l-expertise-nucleaire/de-l-exploration-au-recyclage/producteur-d-uranium-de-reference/apres-mines-france-orano-mining},
  urldate      = {2024-05-27}
}
@online{site:Cluff_lake_remediation,
  author       = {Orano},
  authortype   = {company},
  title        = {Cluff Lake Project Concludes Mining Life Cycle},
  year         = {2023},
  howpublished = {website},
  url          = {https://www.orano.group/canada/en/news-resources/news/2023/may/cluff-lake-project-concludes-mining-life-cycle},
  urldate      = {2024-05-27}
}
@report{report:rapport_activiter,
  title      = {Rapport Annuel d’Activité 2023},
  author     = {Orano},
  authortype = {company},
  date       = {2024-04-05},
  url        = {https://cdn.orano.group/orano/docs/default-source/orano-doc/groupe/publications-reference/publication-groupe/orano_rapport-annuel-activite_2023_mel.pdf},
  urldate    = {2024-05-27}
}
@online{site:natural_uranium,
  author       = {{IAEA} (International Atomic Energy Agency)},
  title        = {Depleted Uranium},
  unkn_year    = {2017},
  howpublished = {website},
  url          = {https://www.iaea.org/topics/spent-fuel-management/depleted-uranium},
  urldate      = {2024-06-04}
}
@online{site:sipm_vendor,
  author       = {Onsemi},
  title        = {Silicon Photomultiplier (SiPM) Modules},
  howpublished = {website},
  url          = {https://www.onsemi.com/products/sensors/photodetectors-sipm-spad/silicon-photomultipliers-sipm#products=fjIyNDkwOX52YWx1ZX4xfjYgbW0geCA2IG1tfg==},
  urldate      = {2024-06-04}
}
@book{book:photomultiplier_tube,
  title     = {Photomultiplier tubes--principles \& applications},
  publisher = {Photonis},
  author    = {Flyckt, SO and Marmonier, C},
  year      = {2002},
  url       = {https://www2.pv.infn.it/~debari/doc/Flyckt_Marmonier.pdf}
}
https://pubs.usgs.gov/of/2004/1050/uranium.htm
https://www.sciencedirect.com/science/article/pii/0020708X73901282
https://arxiv.org/abs/1909.
https://ieeexplore.ieee.org/document/8281487/figures#figures
https://link.springer.com/referenceworkentry/10.1007/978-3-319-93785-4_48
https://www.google.com/url?sa=i&url=https%3A%2F%2Fwww.phys.hawaii.edu%2F~idlab%2FtaskAndSchedule%2FHMBv3%2Fpresentations%2F2021_06_14_IDLAB_SIPM.pdf&psig=AOvVaw2MpY5RQaEDj42UYGv7WoCz&ust=1717686141703000&source=images&cd=vfe&opi=89978449&ved=0CBUQ3YkBahcKEwjgtJuQ3sSGAxUAAAAAHQAAAAAQBA